@article{elhamifar2012sparse,
    title={Sparse Subspace Clustering: Algorithm, Theory, and Applications},
    author={Ehsan Elhamifar and Rene Vidal},
    year={2012},
    journal={arXiv preprint arXiv:1203.1005}
}

@article{SSC-CVPR09-Ehsan,
    title = {Sparse Subspace Clustering},
    author = {Ehsan Elhamifar and Rene Vidal},
    year = {2009},
    journal = {IEEE International Conference on Computer Vision and Pattern Recognition}
}
